


@book {marcus,
    AUTHOR = {Marcus, Daniel A.},
     TITLE = {Number fields},
    SERIES = {Universitext},
      NOTE = {Second edition of [ MR0457396],
              With a foreword by Barry Mazur},
 PUBLISHER = {Springer, Cham},
      YEAR = {2018},
     PAGES = {xviii+203},
      ISBN = {978-3-319-90232-6; 978-3-319-90233-3},
   MRCLASS = {11-01 (11Rxx 11Txx 12-01)},
  MRNUMBER = {3822326},
       DOI = {10.1007/978-3-319-90233-3},
       URL = {https://doi.org/10.1007/978-3-319-90233-3},
}

@book {Samuel,
    AUTHOR = {Samuel, Pierre},
     TITLE = {Algebraic theory of numbers},
    SERIES = {Translated from the French by Allan J. Silberger},
 PUBLISHER = {Houghton Mifflin Co., Boston, Mass.},
      YEAR = {1970},
     PAGES = {109},
   MRCLASS = {10.01},
  MRNUMBER = {0265266},
}